<?xml version="1.0" encoding="UTF-8"?><record xmlns="http://www.loc.gov/MARC21/slim" xmlns:cinclude="http://apache.org/cocoon/include/1.0" xmlns:zs="http://www.loc.gov/zing/srw/">
  <leader>00526nz  a2200121n  4500</leader>
  <controlfield tag="001">nr 95007288 </controlfield>
  <controlfield tag="003">DLC</controlfield>
  <controlfield tag="005">19950228055136.7</controlfield>
  <controlfield tag="008">950227n| acannaab|          |n aaa     c</controlfield>
  <datafield tag="010" ind1=" " ind2=" ">
    <subfield code="a">nr 95007288 </subfield>
  </datafield>
  <datafield tag="040" ind1=" " ind2=" ">
    <subfield code="a">DeGH</subfield>
    <subfield code="c">DeGH</subfield>
  </datafield>
  <datafield tag="100" ind1="1" ind2="0">
    <subfield code="a">Wharton, William,</subfield>
    <subfield code="d">1830-1907</subfield>
  </datafield>
  <datafield tag="670" ind1=" " ind2=" ">
    <subfield code="a">Taylor-Wharton Iron and Steel Co. Records, 1742-1950</subfield>
    <subfield code="b">(William Wharton; William Wharton, Jr.; manufacturer of Phila.; b. 1830; d. Nov. 26, 1907 at Phila.; bro. of Joseph Wharton (1826-1909); pres., Phila. Roll &amp; Machine Co.; pres., William Wharton, Jr. &amp; Co.)</subfield>
  </datafield>
</record>